
@article{myers_anond_1986,
	title = {{An O}({ND}) difference algorithm and its variations},
	volume = {1},
	issn = {0178-4617, 1432-0541},
	url = {http://link.springer.com/10.1007/BF01840446},
	doi = {10.1007/BF01840446},
	language = {en},
	number = {1-4},
	urldate = {2019-05-07},
	journal = {Algorithmica},
	author = {Myers, Eugene W.},
	month = nov,
	year = {1986},
	pages = {251--266},
	file = {Myers - 1986 - AnO(ND) difference algorithm and its variations.pdf:/home/wedenigc/Zotero/storage/86ZU4NJE/Myers - 1986 - AnO(ND) difference algorithm and its variations.pdf:application/pdf}
}

@inproceedings{rivest2001leak,
  title={How to leak a secret},
  author={Rivest, Ronald L and Shamir, Adi and Tauman, Yael},
  booktitle={International Conference on the Theory and Application of Cryptology and Information Security},
  pages={552--565},
  year={2001},
  organization={Springer}
}